@Article{porezag-PRB-51-12947,
 author = {D. Porezag and T. Frauenheim and T. K\"ohler and G. Seifert and
 R. Kaschner},
 title = {Construction of tight-binding-like potentials on the basis of
 density-functional theory: Application to carbon},
 journal = prb,
 year = {1995},
 volume = {51},
 pages = {12947}
}

@Article{seifert-ijqc-58-185,
 author = {G. Seifert and D. Porezag and T. Frauenheim},
 title = {Calculations of molecules, clusters, and solids with a
                  simplified \mbox{LCAO-DFT-LDA} scheme},
 journal = ijqc,
 year = {1996},
 volume = {58},
 pages = {185}
}

@Article{elstner-prb-58-7260,
 author = {M. Elstner and D. Porezag and G. Jungnickel and J. Elsner and
 M. Haugk and T. Frauenheim and S. Suhai and G. Seifert},
 title = {Self-consistent-charge density-functional tight-binding method for
 simulations of complex materials properties},
 journal = prb,
 year = {1998},
 volume = {58},
 pages = {7260}
}

@Article{koehler-cp-309-23,
 author = {C. K\"ohler and G. Seifert and T. Frauenheim},
 title = {Density-Functional based calculations for {F}e(n), (n$\le$32)},
 journal = cp,
 year = {2005},
 volume = {309},
 pages = {23}
}

@Article{han-ijqc-78-459,
 author = {W. Han and M. Elstner and K. J. Jalkanen and T. Frauenheim and
 S. Suhai},
 title = {Hybrid \mbox{SCC-DFTB}/Molecular Mechanical Studies of
                  {H}-Bonded Systems and of
                  {N}-acetyl-({L}-{A}la)$_\mathrm{n}$-{N}'-{M}ethylamide
                  Helices in Water Solution},
 journal = ijqc,
 year = {2000},
 volume = {78},
 pages = {459}
}

@Article{cui-jpcb-105-569,
 author = {Q. Cui and M. Elstner and T. Frauenheim and E. Kaxiras and
 M. Karplus},
 title = {Combined self-consistent charge density functional
                  tight-binding (\mbox{SCC-DFTB}) and \mbox{CHARMM}},
 journal = jpcb,
 year = {2001},
 volume = {105},
 pages = {569}
}

@Article{elstner-jcp-114-5149,
 author = {M. Elstner and P. Hobza and T. Frauenheim and S. Suhai and
 E. Kaxiras},
 title = {Hydrogen bonding and stacking interactions of nucleic acid base
 pairs: a density-functional-theory based treatment},
 journal = jcp,
 year = {2001},
 volume = {114},
 pages = {5149}
}

@Article{frauenheim-JPCM-14-3015,
 author = {Frauenheim, T. and Seifert, G. and Elstner, M. and Niehaus, T. and
 Kohler, C. and Amkreutz, M. and Sternberg, M. and Hajnal, Z. and Di~Carlo, A.
 and Suhai, S.},
 title = {Atomistic simulations of complex materials: ground-state and
 excited-state properties},
 journal = jpcm,
 year = 2002,
 volume = 14,
 number = 11,
 pages = {3015-3047},
 month = {Mar}
}

@Article{petukhov-PRB-67-153106,
 author = {Petukhov, A. G. and Mazin, I. I. and Chioncel, L. and
 Lichtenstein, A. I.},
 title = {Correlated metals and the \mbox{LDA+U} method},
 journal = prb,
 year = 2003,
 volume = 67,
 pages = {153106-4}
}

@Article{han-PRB-73-045110,
 author = {Han, M. J. and Ozaki, T. and Yu, J.},
 title = {\mbox{O($N$) LDA+$U$} electronic structure calculation method based
 on the nonorthogonal pseudoatomic orbital basis},
 journal = prb,
 year = 2006,
 volume = 73,
 pages = {045110}
}

@Article{johnson-PRB-38-12807,
 author = {Johnson, D. D.},
 title = {Modified {B}royden's method for accelerating convergence in
                  self consistent calculations},
 journal = prb,
 year = {2003},
 volume = {38},
 pages = {12807}
}

@Article{eyert-JCP-124-271,
 author = {Eyert, V.},
 title = {A Comparative Study on Methods for Convergence Acceleration
of Iterative Vector Sequences},
 journal = jcop,
 year = {1996},
 volume = {124},
 pages = {271}
}

@Article{monkhorst-prb-13-5188,
 author = {Monkhorst, H. J. and Pack, J. D.},
 title = {Special points for {B}rillouin-zone integrations},
 journal = prb,
 year = {1976},
 volume = {13},
 pages = {5188},
 annote = {Monkhorst-Pack original paper}
}

@Article{monkhorst-prb-16-1748,
 author = {Monkhorst, H. J. and Pack, J. D.},
 title = {"Special points for {B}rillouin-zone integrations"--a reply},
 journal = prb,
 year = {1977},
 volume = {16},
 pages = {1748},
 annote = {Monkhorst-Pack erratum}
}


@PhdThesis{KoehlerThesis,
 author = {Christof K\"ohler},
 title = {Ber\"ucksichtigung von Spinpolarisationseffekten in einem
 dichtefunktionalbasierten Ansatz},
 school = {Department Physik der Fakult\"at fur Naturwissenschaften an der
 Universit\"at Paderborn},
 year = 2004,
 note = {http://ubdata.uni-paderborn.de/ediss/06/2004/koehler/}
}


@PhdThesis{garcia14Thesis,
  author = 	 {Adriel Dominguez Garcia},
  title = 	 {Density functional approaches for the interaction of
                  metal oxides with small molecules},
  school = 	 {Universit\"at Bremen},
  year = 	 2014,
  note = 	 {http://elib.suub.uni-bremen.de/edocs/00103868-1.pdf}
}

@Article{andersen-JCP-72-2384,
 author = {Andersen, H. C.},
 title = {Molecular dynamics at constant pressure and/or temperature},
 journal = jcp,
 year = 1980,
 volume = 72,
 pages = 2384
}

@BOOK{lapack3,
      AUTHOR = {Anderson, E. and Bai, Z. and Bischof, C. and
                Blackford, S. and Demmel, J. and Dongarra, J. and
                Du Croz, J. and Greenbaum, A. and Hammarling, S. and
                McKenney, A. and Sorensen, D.},
      TITLE = {{LAPACK} Users' Guide},
      EDITION = {Third},
      PUBLISHER = {Society for Industrial and Applied Mathematics},
      YEAR = {1999},
      ADDRESS = {Philadelphia, PA},
      ISBN = {0-89871-447-8 (paperback)} 
}

@MISC{Lehoucq97arpackusers,
    author = {R. B. Lehoucq and D. C. Sorensen and C. Yang},
    title = {ARPACK Users Guide: Solution of Large Scale Eigenvalue
                  Problems by Implicitly Restarted Arnoldi Methods.},
    year = {1997}
}

@MISC{ARPACK-ng,
 howpublished = {https://github.com/opencollab/arpack-ng}
}

@Article{methfessel-PRB-40-3616,
 author = {Methfessel, M. and Paxton, A. T.},
 title = {High-precision sampling for {B}rillouin-zone integration in metals},
 journal = prb,
 year = 1989,
 volume = 40,
 pages = 3616
}

@Article{miller-JAmChemSoc-112-8533,
 author = {K. J. Miller},
 title = {Additivity methods in molecular polarizability},
 journal = jacs,
 year = 1990,
 volume = 112,
 pages = 8533,
 annote = {Dispersion values (cited in Marcus paper)}
}

@Article{kang-TheorChimActa-61-41,
 author = {Y. K. Kang and M. S. Jhon},
 title = {Additivity of atomic static polarizabilities and dispersion
 coefficients},
 journal = tca,
 year = 1982,
 volume = 61,
 pages = 41,
 annote = {Dispersion values (cited in Marcus paper)}
}


@Article{dftbp-2007paper,
 author = {B. Aradi and B. Hourahine and Th. Frauenheim},
 title = {{DFTB+}, a Sparse Matrix-Based Implementation of the {DFTB} Method},
 journal = jpca,
 year = {2007},
 volume = {111},
 number = {26},
 pages = {5678}
}



@Article{hourahine07,
 author = {Hourahine, B. and Sanna, S. and Aradi, B. and K\"ohler, C.
 and Niehaus, T. and Frauenheim, Th.},
 title = {Self-Interaction and Strong Correlation in {DFTB}},
 journal = jpca,
 year = {2007},
 volume = {111},
 number = {26},
 pages = {5671}
}

@Article{koehler-JPCA-111-5622,
 author = {K\"ohler, C. and  Frauenheim, T. and Hourahine, B. and Seifert, G.
 and Sternberg, M.},
 title = {Treatment of Collinear and Noncollinear Electron Spin within an
 Approximate Density Functional Based Method},
 journal = jpca,
 year = 2007,
 volume = 111,
 number = 26,
 pages = 5622,
 doi = {10.1021/jp068802p}
}

@Article{harvey-JCC-19-726,
 author = {Harvey, S. C. and Tan, R. K. Z. and Cheatham, T. E.},
 title = {The flying ice cube: Velocity rescaling in molecular dynamics leads
 to violation of energy equipartition},
 journal = jcc,
 year = 1998,
 volume = 19,
 number = 7,
 pages = {726-740}
}

@Article{berendsen-JCP-81-3684,
 author = {Berendsen, H. J. C. and Postma, J. P. M. and Van~Gunsteren, W. F.
 and Dinola, A. and Haak, J. R.},
 title = {Molecular-Dynamics with Coupling to an External Bath},
 journal = jcp,
 year = 1984,
 volume = 81,
 number = 8,
 pages = {3684-3690}
}

@Article{yang-JPCA-111-10861,
  author = 	 {Yang, Y. and Yu, H. and York, D. and Cui, Q. and Elstner, M.},
  title = 	 {Extension of the Self-Consistent-Charge Density-Functional Tight-Binding Method: Third-Order Expansion of the Density Functional Theory Total Energy and Introduction of a Modified Effective Coulomb Interaction},
  journal = 	 jpca,
  year = 	 {2007},
  volume =	 {111},
  pages =        {10861},
  annote =	 {3rd order on-site paper}
}

@Article{zhechkov-JCTC-1-841,
  author = 	 {Zhechkov, L. and Heine, Th. and Patchkovskii, S. and
                  Seifert, G. and Duarte, H. A.},
  title = 	 {An Efficient a Posteriori Treatment for Dispersion
                  Interaction in Density-Functional-Based Tight
                  Binding},
  journal = 	 jctc,
  year = 	 2005,
  volume =	 1,
  pages =	 {841-847},
  annote =	 {Thomas Heines \mbox{UFF} dispersion paper.}
}

@Article{rappe-JACS-114-10024,
  author = 	 {Rappe, A. K. and Casewit, C. J. and Colwell, K. S. and {Goddard III}, W. A. and Skiff, W. M.},
  title = 	 {\mbox{UFF}, a full periodic table force field for
                  molecular mechanics and molecular dynamics
                  simulations},
  journal = 	 jacs,
  year = 	 1992,
  volume =	 {114},
  pages =	 {10024-10035},
  annote =	 {UFF paper}
}

@Article{gauss-jctc-7-931,
  author = 	 {Gaus, M. and Cui, Q. and Elstner, M.},
  title = 	 {\mbox{DFTB}3: {E}xtension of the {S}elf-{C}onsistent-{C}harge
     {D}ensity-{F}unctional {T}ight-{B}inding {M}ethod (\mbox{SCC-DFTB})},
  journal = 	 jctc,
  year = 	 {2011},
  volume =	 {7},
  pages =	 {931-948},
  annote =	 {DFTB3 paper}
}

@Article{martyna-mp-87-1117,
 author = {Martyna, G. J. and Tuckerman, M. E. and Tobias, D. J. and
 Klein, M. L.},
 title = {Explicit reversible integrators for extended systems dynamics},
 journal = mp,
 year = 1996,
 volume = 87,
 pages = {1117-1157}
}

@Article{pipek-JCP-90-4916,
  author = 	 {Pipek, J. and Mezey, P. G.},
  title = 	 {A fast intrinsic localization procedure applicable
                  for {\it ab initio} and semiempirical linear
                  combination of atomic orbital wave functions},
  journal = 	 jcp,
  year = 	 1989,
  volume = 	 90,
  pages = 	 4916
}

@Article{niehaus-prb-63-085108,
 author = {Niehaus, T. A. and Suhai, S. and Della Sala, F. and
 Lugli, P and Elstner, M. and Seifert, G. and Frauenheim, Th.},
 title = {Tight-binding approach to time-dependent density-functional
                  response theory},
 journal = prb,
 year = 2001,
 volume = 63,
 pages = {085108}
}

@Article{heringer2007aes,
  author = {Heringer, D. and Niehaus, T. A. and Wanko, M. and Frauenheim, T.},
  title = {Analytical excited state forces for the time-dependent
                  density-functional tight-binding method.},
  journal = jcc,
  year = {2007},
  volume = {28},
  pages = {2589},
  number = {16}
}

@article{Ceriotti20141019,
title = "i-PI: A Python interface for ab initio path integral
                  molecular dynamics simulations ",
journal = cpc,
volume = "185",
pages = "1019-1026",
year = "2014",
doi = "http://dx.doi.org/10.1016/j.cpc.2013.10.027",
author = "Ceriotti, M.  and More, J. and Manolopoulos, D. E."
}

@Article{grimme-jcp-132-154104,
 author = {Grimme, S. and Antony, J. and Ehrlich, S. and Krieg, H.},
 title = {A consistent and accurate ab initio parametrization of
                  density functional dispersion correction
                  (\mbox{DFT-D}) for the 94 elements {H}-{P}u},
 journal = jcp,
 year = 2010,
 volume = 132,
 pages = {154104}
}

@Article{grimme-jcp-32-1456-1465,
 author = {Grimme, S. and Ehrlich, S. and Goerigk, L.},
 title = {Effect of the Damping Function in Dispersion Corrected
Density Functional Theory},
 journal = jcp,
 year = 2011,
 volume = 32,
 pages = {1456-1465}
}

@article{caldweyher-jcp-147-034112,
author = {Eike Caldeweyher and Christoph Bannwarth and Stefan Grimme},
title = {Extension of the {D}3 dispersion coefficient model},
journal = jcp,
volume = {147},
number = {3},
pages = {034112},
year = {2017},
doi = {10.1063/1.4993215}
}

@article{caldeweyher-jcp-150-154122,
author = {Caldeweyher,Eike  and Ehlert,Sebastian  and Hansen,Andreas  and Neugebauer,Hagen  and Spicher,Sebastian  and Bannwarth,Christoph  and Grimme,Stefan },
title = {A generally applicable atomic-charge dependent {L}ondon dispersion correction},
journal = jcp,
volume = {150},
number = {15},
pages = {154122},
year = {2019},
doi = {10.1063/1.5090222}
}



@Misc{grimme-param,
 howpublished = {http://toc.uni-muenster.de/DFTD3/}
}

@Article{kovalenko-JCC-20-928,
 author = {Kovalenko, A. and Ten-no, S. and Hirata, F.},
 title = {Solution of three-dimensional reference interaction site
                  model and hypernetted chain equations for simple
                  point charge water by modified method of direct
                  inversion in iterative subspace },
 journal = jcc,
 year = 1999,
 volume = 20,
 pages = {928-936}
}

@Article{aradi-jctc-11-3357,
  author =       {Aradi, B. and Niklasson, A. M. N. and Frauenheim, T.},
  title =        {Extended Lagrangian Density Functional Tight-Binding
                  Molecular Dynamics for Molecules and Solids},
  journal =      jctc,
  year =         {2015},
  volume =       {11},
  pages =        {3357-3363},
}

@Book{NoceWrig06,
  Title                    = {Numerical Optimization},
  Author                   = {Jorge Nocedal and Stephen J. Wright},
  Publisher                = {Springer},
  Year                     = {2006},
  Address                  = {New York, NY, USA},
  Edition                  = {second}
}

@Article{realtime1,
author = {Bonaf{\'{e}}, Franco P. and Aradi, B{\'{a}}lint and Hourahine, Ben and Medrano, Carlos R. and Hern{\'{a}}ndez, Federico J. and Frauenheim, Thomas and S{\'{a}}nchez, Cristi{\'{a}}n G.},
doi = {10.1021/acs.jctc.9b01217},
issn = {1549-9618},
journal = {Journal of Chemical Theory and Computation},
month = {jun},
title = {{A Real-Time Time-Dependent Density Functional Tight-Binding Implementation for Semiclassical Excited State Electron-Nuclear Dynamics and Pump-Probe Spectroscopy Simulations}},
year = {2020}
}

@article{YU2018267,
  title = "\mbox{ELSI}: {A} unified software interface for
                  {K}ohn-{S}ham electronic structure solvers",
  journal = cpc,
  volume = "222",
  pages = "267-285",
  year = "2018",
  doi = "https://doi.org/10.1016/j.cpc.2017.09.007",
  author = "Yu, V. W.-z. and Corsetti, F. and Garc\'ia, A. and Huhn,
                  W. P. and Jacquelin, M. and Jia, W. and Lange,
                  B. and Lin, L. and Lu, J. and Mi, W. and
                  Seifitokaldani, A.  and V\'azquez-Mayagoitia, {\'A}
                  and Yang, C. and Yang, H. and Blum, V."
}

@Article{Pecchia_RPP,
 author = {Pecchia, A. and Di~Carlo, A.},
 title = {Atomistic theory of transport in organic and inorganic
                  nanostructures},
 journal = rpp,
 year = 2004,
 volume = 67,
 pages = 1497
}

@Article{Pecchia_NJP,
 author = {Pecchia, A. and G Penazzi, G. and Salvucci, L. and Di~Carlo, A.},
 title = {Non-equilibrium {G}reen's functions in density functional
                  tight binding: method and applications},
 journal = njp,
 year = 2008,
 volume = 10,
 number = 6,
 pages = 065022
}

@InBook{Pecchia_spring,
  ALTauthor = 	 {Di~Carlo, A. and Pecchia, A.  and Latessa, L. and
                  Frauenheim, Th.  and Seifert, G. },
  ALTeditor = 	 {Cuniberti, G. and Fagas, G. and Richter, K.},
  title = 	 {Introducing Molecular Electronics},
  chapter = 	 {Tight-Binding DFT for Molecular Electronics (\mbox{gDFTB})},
  publisher = 	 {Springer},
  year = 	 {2005},
  series = 	 {Lecture Notes in Physics},
  pages = 	 {153-184}
}

@article{rezac-jctc-13-2017,
  author = {{\v R}ez{\'a}{\v c}, Jan},
  title = {Empirical {Self}-{Consistent} {Correction} for the
                  {Description} of {Hydrogen} {Bonds} in {DFTB}3},
  journal = jctc,
  volume = {13},
  year = {2017},
  pages = {4804--4817},
  doi = {10.1021/acs.jctc.7b00629},
  number = {10}
}

@article{rezac-jctc-8-2012,
  author = {{\v R}ez{\'a}{\v c}, Jan and Hobza, Pavel},
  title = {Advanced Corrections of Hydrogen Bonding and Dispersion for
                  Semiempirical Quantum Mechanical Methods},
  journal = jctc,
  volume = {8},
  year = {2012},
  pages = {141--151},
  doi = {10.1021/ct200751e}
}

@Article{kubillus-jctc-11-332,
  author = 	 {Kubillus, M. and Kuba{\v r}, T. and Gaus, M. and {\v
                  R}ez{\'a}{\v c}, Jan and Elstner, M.},
  title = 	 {Parameterization of the \mbox{DFTB3} Method for
                  {B}r, {C}a, {C}l, {F}, {I}, {K}, and {N}a in Organic
                  and Biological Systems},
  journal = 	 jctc,
  year = 	 2014,
  volume = 	 11,
  pages = 	 {332-342},
  doi = {10.1021/ct5009137}
}

@article{tdb10,
    title     = {{Towards dense linear algebra for hybrid GPU accelerated manycore systems}},
    author    = {Stanimire Tomov and Jack Dongarra and Marc Baboulin},
    booktitle = {Parallel Matrix Algorithms and Applications},
    doi       = {10.1016/j.parco.2009.12.005},
    issn      = {0167-8191},
    journal   = {Parallel Computing},
    month     = jun,
    number    = {5-6},
    pages     = {232--240},
    posted-at = {2010-12-17 09:48:58},
    priority  = {2},
    volume    = {36},
    year      = {2010}
}

@inproceedings{tnld10,
    title     = {Dense Linear Algebra Solvers for Multicore with {GPU} Accelerators},
    author    = {Stanimire Tomov and Rajib Nath and Hatem Ltaief and Jack Dongarra},
    address   = {Atlanta, GA},
    booktitle = {Proc. of the IEEE IPDPS'10},
    month     = {April 19-23},
    note      = {{DOI:~10.1109/IPDPSW.2010.5470941}},
    pages     = {1-8},
    publisher = {IEEE Computer Society},
    year      = {2010}
}

@article{dghklty14,
    title     = {Accelerating Numerical Dense Linear Algebra Calculations with GPUs},
    author    = {Jack Dongarra and Mark Gates and Azzam Haidar and Jakub Kurzak and 
                 Piotr Luszczek and Stanimire Tomov and Ichitaro Yamazaki},
    journal   = {Numerical Computations with GPUs},
    pages     = {1-26},
    year      = {2014},
    publisher = {Springer}
}

@Article{niehaus-PSSB-249-237,
  author =       {Niehaus, T. A. and Della~Sala, F.},
  title =        {Range separated functionalsin the density functional
                  based tight-binding method: Formalism},
  journal =      pssb,
  year =         2012,
  volume =    249,
  number =    2,
  pages =     {237-244},
  DOI = {10.1002/pssb.201100694}
}

@Article{lutsker-JCP-143-184107,
  author =       {Lutsker, V. and Aradi, B. and Niehaus, T. A.},
  title =        {Implementation and benchmark of a long-range
                  corrected functional in the densityfunctional based
                  tight-binding method},
  journal =      jcp,
  year =         2015,
  volume =    143,
  pages =     184107,
  DOI = {10.1063/1.4935095}
}

@article{garcia13,
author = {Dom\'inguez, A. and Aradi, B. and Frauenheim, T. and
                  Lutsker, V. and Niehaus, T. A.},
title = {Extensions of the Time-Dependent Density Functional Based
                  Tight-Binding Approach},
journal = {Journal of Chemical Theory and Computation},
volume = 9,
number = 11,
pages = {4901-4914},
year = 2013,
doi = {10.1021/ct400123t}
}

@article{dominguez15,
author = {Dom\'inguez, A. and Niehaus, T. A. and Frauenheim, T.},
title = {Accurate Hydrogen Bond Energies within the Density Functional
                  Tight Binding Method},
journal = {The Journal of Physical Chemistry A},
volume = 119,
number = 14,
pages = {3535-3544},
year = 2015,
doi = {10.1021/acs.jpca.5b01732}
}

@article{onufriev2019,
author = {Onufriev, Alexey V. and Case, David A.},
title = {Generalized {B}orn Implicit Solvent Models for Biomolecules},
journal = arbp,
volume = {48},
number = {1},
pages = {275-296},
year = {2019}
}

@article{onufriev2004,
author = {Onufriev, Alexey and Bashford, Donald and Case, David A.},
title = {Exploring protein native states and large-scale conformational changes with a modified generalized born model},
journal = psfb,
volume = {55},
number = {2},
pages = {383-394},
keywords = {Generalized Born approximation, molecular dynamics, macromolecules},
doi = {10.1002/prot.20033},
url = {https://onlinelibrary.wiley.com/doi/abs/10.1002/prot.20033},
eprint = {https://onlinelibrary.wiley.com/doi/pdf/10.1002/prot.20033},
year = {2004}
}


@article{Lany_2009,
doi = {10.1088/0965-0393/17/8/084002},
url = {https://doi.org/10.1088%2F0965-0393%2F17%2F8%2F084002},
year = 2009,
month = {{N}ov},
publisher = {{IOP} Publishing},
volume = 17,
number = 8,
pages = 084002,
author = {Stephan Lany and Alex Zunger},
title = {Accurate prediction of defect properties in density functional supercell calculations},
journal = {Modelling and Simulation in Materials Science and Engineering}
}

@article{Lee_JCTC_2019,
author = {Lee, I. S. and Filatov, M. and Min, S. K.},
title = {Formulation and Implementation of the Spin-Restricted Ensemble-Referenced
           Kohn-Sham Method in the Context of the Density Functional Tight Binding Approach},
journal = jctc,
volume = 15,
number = 5,
pages = {3021-3032},
year = 2019,
doi = {10.1021/acs.jctc.9b00132}
}

@article{im2003,
author = {Im, Wonpil and Lee, Michael S. and Brooks III, Charles L.},
title = {Generalized {B}orn model with a simple smoothing function},
journal = jcc,
volume = {24},
number = {14},
pages = {1691-1702},
doi = {10.1002/jcc.10321},
year = {2003}
}

@article{lebedev1999,
  author = {Lebedev, V. I. and Laikov, D. N.},
  title = {A quadrature formula for the sphere of the 131st algebraic order of accuracy},
  journal = {Doklady Mathematics},
  volume = {59},
  issue = {3},
  year = {1999},
  pages = {477-481}
}

@article{sigalov2006,
  author = {Sigalov,Grigori  and Fenley,Andrew  and Onufriev,Alexey },
  title = {Analytical electrostatics for biomolecules: Beyond the
                  generalized {B}orn approximation},
  journal = jcp,
  volume = {124},
  number = {12},
  pages = {124902},
  year = {2006},
  doi = {10.1063/1.2177251}
}

@article{still1990,
author = {Still, W. Clark and Tempczyk, Anna and Hawley, Ronald C. and Hendrickson, Thomas},
title = {Semianalytical treatment of solvation for molecular mechanics and dynamics},
journal = jacs,
volume = {112},
number = {16},
pages = {6127-6129},
year = {1990},
doi = {10.1021/ja00172a038},
}

@article{lange2012,
author = {Lange, Adrian W. and Herbert, John M.},
title = {Improving Generalized {B}orn Models by Exploiting Connections to Polarizable Continuum Models. I. An Improved Effective Coulomb Operator},
journal = jctc,
volume = {8},
number = {6},
pages = {1999-2011},
year = {2012},
doi = {10.1021/ct300111m},
    note ={PMID: 26593834},
}

@article{rappe1991,
   author={Rapp{\'e}, Anthony K. and Goddard III, William A.},
   title={Charge Equilibration for Molecular Dynamics Simulation},
   journal=jcp,
   volume={95},
   year={1991},
   pages={3358-3363}
}

@article{marenich2012,
author = {Marenich, Aleksandr V. and Jerome, Steven V. and Cramer, Christopher J. and Truhlar, Donald G.},
title = {Charge Model 5: An Extension of {H}irshfeld Population Analysis for the Accurate Description of Molecular Interactions in Gaseous and Condensed Phases},
journal = jctc,
volume = {8},
number = {2},
pages = {527-541},
year = {2012},
doi = {10.1021/ct200866d}
}

@book{mantina2010,
  title={CRC Handbook of Chemistry and Physics},
  author={Mantina, M and Valero, R and Cramer, CJ and Truhlar, DG},
  year={2010},
  publisher={CRC Press Boca Raton, FL}
}

@article{dftbp-2020paper,
author = {Hourahine,B.  and Aradi,B.  and Blum,V.  and Bonaf\'e,F.
                  and Buccheri,A.  and Camacho,C.  and Cevallos,C.
                  and Deshaye,M. Y.  and Dumitric\u{a},T.  and
                  Dominguez,A.  and Ehlert,S.  and Elstner,M.  and van
                  der Heide,T.  and Hermann,J.  and Irle,S.  and
                  Kranz,J. J.  and K{\"o}hler,C.  and Kowalczyk,T.
                  and Kuba\v{r},T.  and Lee,I. S.  and Lutsker,V.  and
                  Maurer,R. J.  and Min,S. K.  and Mitchell,I.  and
                  Negre,C.  and Niehaus,T. A.  and Niklasson,A. M. N.
                  and Page,A. J.  and Pecchia,A.  and Penazzi,G.  and
                  Persson,M. P.  and \v{R}ez\'a\v{c},J.  and
                  S\'anchez,C. G.  and Sternberg,M.  and St{\"o}hr,M.
                  and Stuckenberg,F.  and Tkatchenko,A.  and
                  Yu,V. W.-z.  and Frauenheim,T. },
title = {\mbox{DFTB}+, a software package for efficient approximate
                  density functional theory based atomistic
                  simulations},
journal = jcp,
volume = {152},
number = {12},
pages = {124101},
year = {2020},
doi = {10.1063/1.5143190}
}

@Article{Yang2017,
 author = {Y. Yang and A. Dominguez and D. Zhang and V. Lutsker and Thomas A. Niehaus and T. Frauenheim and W. Yang.},
 title = {Charge transfer excitations from particle-particle random phase approximation - Opportunities and challenges arising from two-electron deficient systems.},
 journal = jcp,
 year = {2017},
 volume = {146},
 number = {},
 pages = {124104}
}
